@article{kk10,
    author={Knautz, Kathrin},
    title={Tag-Cluster - Semantische Suche in Tag-Clouds},
    journal={B.I.T.online},
    year={2010},
    number={3},
    volume={13},
    pages={237--252},
    publisher={Dinges & Frick},
    address={Wiesbaden}
}

@article{bo08
    author={Bordag, Stefan},
    title={A Comparison of Co-occurrence and Similarity Measures as Simulations of Context},
    journal={Computational Linguistics and Intelligent Text Processing},
    year={2008},
    volume={4919},
    pages={52--63},
    publisher={Springer},
    address={Berlin Heidelberg}
}