@ONLINE{shirky2005,
    author = {Shirky, Clay},
    title = {Ontology is Overrated: Categories, Links, and Tags},
    year = {2005},
    url = {http://shirky.com/writings/ontology_overrated.html}
}